@article{turk1991eigenfaces,
  author    = {Matthew Turk and Alex Pentland},
  journal   = {Journal of Cognitive Neuroscience},
  title     = {Eigenfaces for Recognition},
  year      = {1991},
  volume    = {3},
  number    = {1},
  pages     = {71-86},
  doi       = {10.1162/jocn.1991.3.1.71},
}

@inproceedings{samaria1994parameterisation,
  author    = {Fred S. Samaria and Andrew C. Harter},
  booktitle = {Proceedings of the Second IEEE Workshop on Applications of Computer Vision},
  title     = {Parameterisation of a Stochastic Model for Human Face Identification},
  year      = {1994},
  pages     = {138-142},
  doi       = {10.1109/WORKSH.1994.341374},
}

@book{jolliffe2002principal,
  author    = {Ian T. Jolliffe},
  title     = {Principal Component Analysis},
  year      = {2002},
  publisher = {Springer},
  edition   = {2nd},
  address   = {New York},
  doi       = {10.1007/978-1-4757-3125-3},
}

@article{kanan2012grayscale,
  author    = {Cyrus C. Kanan and Gary Cottrell},
  journal   = {IEEE Transactions on Pattern Analysis and Machine Intelligence},
  title     = {The Role of Grayscale in Face Recognition},
  year      = {2012},
  volume    = {34},
  number    = {10},
  pages     = {1989-2000},
  doi       = {10.1109/TPAMI.2011.262},
}

@article{hill2007pose,
  author    = {Harvey Hill and Philippe G. Schyns},
  journal   = {IEEE Transactions on Pattern Analysis and Machine Intelligence},
  title     = {Face Recognition Challenges: Pose and Expression Variability},
  year      = {2007},
  volume    = {29},
  number    = {6},
  pages     = {1013-1026},
  doi       = {10.1109/TPAMI.2007.1040},
}

% 其他条目请参考之前提供的完整BibTeX条目补充